@article{einstein,
    author =       "Albert Einstein",
    title =        "{Zur Elektrodynamik bewegter K{\"o}rper}. ({German})
        [{On} the electrodynamics of moving bodies]",
    journal =      "Annalen der Physik",
    volume =       "322",
    number =       "10",
    pages =        "891--921",
    year =         "1905",
    DOI =          "http://dx.doi.org/10.1002/andp.19053221004"
}
 
 
@book{Rojas,
    author    = "Rojas Soriano, R. ",
    title     = "Guía para realizar investigaciones sociales, 26a. edición",
    year      = "2001",
    publisher = "Plaza Valdez",
    address   = "México"
}
 
 
 
 

@book{Erica,
    author    = "Lara Muñoz, E. M. ",
    title     = "Fundamentos de investigación: Un enfoque por competencias, 2da. edición",
    year      = "2013",
    publisher = "Alfaomega",
    address   = "México"
}



@book{latexcompanion,
    author    = "Michel Goossens and Frank Mittelbach and Alexander Samarin",
    title     = "The \LaTeX\ Companion",
    year      = "1993",
    publisher = "Addison-Wesley",
    address   = "Reading, Massachusetts"
}


@book{Korte,
    author    = "Korte, B. and Vygen, J.",
    title     = "Combinatorial optimization Theory and Algorithms, Fourth Edition",
    year      = "2008",
    publisher = "Springer Heidelberg Dordrecht. ",
    address   = "London New York"
}




@book{russel,
    author       = "Russell, S. J. \& Norvig, P", 
    title        = "Artificial Intelligence: A Modern Approach", 
    year         = "2003",
    publisher    = "Prentice Hall, 2a edição. ISBN 0-13-790395-2",
    address      = "Trujillo"
} 
 
  
@misc{knuthwebsite,
    author    = "Donald Knuth",
    title     = "Knuth: Computers and Typesetting",
    url       = "http://www-cs-faculty.stanford.edu/\~{}uno/abcde.html"
}

 
@book{Goossens,
author="Michel Goossens and Frank Mittelbach and Alexander Samarin",
title="The \LaTeX Companion",
editor="Addison-Wesley",
year="1993"
}

@book{Lamport,
author="Leslie Lamport",
title="\LaTeX",
editor="Addison-Wesley",
year="1996"
} 
 
 
@book{Ghiani,
    author       = "Ghiani, G. and Laporte, G. and Musmanno, R.", 
    title        = "Introduction to logistics systems planning and control", 
    year         = "2004",
    publisher    = "Jhon Wiley \& Sons"
} 


@article{Ombuki,
    author       = "Ombuki, B. and Ross, Brian J. and Hanshar, F.",
    title        = "Multi-Objetive Genetic Algorithms for Vehicle Routing Problem with Time Windows", 
    journal =      "Applied Intelligence, Springer Science.",
    volume =       "322",
    number =       "12",
    pages =        "91--99",
    year =         "2006",
}

@article{Yeun,
    author       = "Yeun, L.C. and Ismail, W.R. and Omar, K. and Zirour, M. ",
    title        = "Vehicle Routing Problem: Models and solutions", 
    journal =      "Journal of Quality measurement and analysis.",
    volume =       "22",
    number =       "13",
    pages =        "111--120",
    year =         "2008",
}


@book{Sterle,
    author    = "Sterle, C.",
    title        = "Location-Routing models and methods for freight distribution and infomobility in city logistics", 
    year      = "2010",
    publisher = "Thèse de doctorat. Centre interuniversitaire de recherché sur les réseaux d' entreprise, la logistique et le transport.",
    address   = "CIRRELT"
}


@article{Tanguay,
    author       = "Tanguay, G.A. and Rajaonson, J. and Lefevre, J. and Lanoie, P. ",
    title        = "Measuring the sustainability of cities: An analysis of the use of local indicators.", 
    journal =      "Ecological Indiators, Elsevier.",
    volume =       "26",
    number =       "22",
    pages =        "100--115",
    year =         "2010",
}


@article{Dekker,
    author       = "Dekker, R. and Inderfurth, K. and van Wassenhove, L. and Fleischmann, M. ",
    title        = "Quantitative Approaches for reverse logistics.", 
    journal =      "Springer-Verlag, Berlin. Forthcoming.",
    volume =       "24",
    number =       "22",
    pages =        "40--60",
    year =         "2003",
 }
 
@ARTICLE{ARTICLE:2,
    AUTHOR={Chriss Kennedy Moya Cruz},
    TITLE="Domotica en el Perú",
    JOURNAL="Huancayo-Perú",
    YEAR="2014",
}



@MISC{WEBSITE:14,
	HOWPUBLISHED = "\\ \url{https://www.ceb-solutions.com/es/productos/bee2energy/}",
	AUTHOR = "Intel",
	TITLE = "Compta Emerging Business",
	MONTH = "-",
	YEAR = "2021",
	URLDATE = {2021-11-17}
}

@MISC{WEBSITE:12,
	HOWPUBLISHED = "\\ \url{https://es.iammeter.com/applications/residential-electricity-system-monitoring}",
	AUTHOR = "Beijing Lewei IOT Technologies Co., Ltd.",
	TITLE = " Residential Electricity System Monitoring",
	MONTH = "Diciembre",
	YEAR = "2021",
	URLDATE = {2021-11-17}
}

@MISC{WEBSITE:11,
	HOWPUBLISHED = "\\ \url{https://es.iammeter.com/}",
	AUTHOR = "Beijing Lewei IOT Technologies Co., Ltd.",
	TITLE = "Dispositivos Y Sistemas Inteligentes Para El Monitoreo De Energía",
	MONTH = "-",
	YEAR = "2021",
	URLDATE = {2021-11-17}
}

@MISC{WEBSITE:1,
	HOWPUBLISHED = "\\ \url{https://goo.su/tjVnUU}",
	AUTHOR = "Elena Miranda",
	TITLE = "Guía para reclamar por altos cobros en los recibos de electricidad",
	MONTH = "Octubre",
	YEAR = "2020",
	URLDATE = {2021-11-16}
}

@MISC{WEBSITE:34,
	HOWPUBLISHED = "\\ \url{https://www.enel.pe/es/conoce-enel.html}",
    AUTHOR="ENEL Distribución Perú",
    TITLE="Conoce ENEL",
    MONTH = "",
	YEAR = "2022",

	URLDATE = {2022-04-25}
}

@MISC{WEBSITE:33,
	HOWPUBLISHED = "\\ \url{https://revistel.pe/edelnor-cambia-de-nombre-ahora-es-enel-distribucion-peru/}",
    AUTHOR="Energía para las industrias - REVISTEL",
    TITLE="Edelnor cambia de nombre; ahora es ENEL Distribución Perú",
    MONTH = "-",
	YEAR = "2016",
	URLDATE = {2022-04-25}
}


@MISC{WEBSITE:32,
    AUTHOR="Luz del Sur",
    TITLE="Conoce LUZ DEL SUR",
    MONTH = "-",
	YEAR = "2022",
	HOWPUBLISHED = "\\ \url{https://www.luzdelsur.com.pe/es/nosotros/quienes-somos}",
	URLDATE = {2022-04-25}
}

@MISC{WEBSITE:35,
    AUTHOR="RPP Noticias",
    TITLE="Decenas de personas hacen cola afuera de Luz del Sur para reclamar por cobros excesivos",
    MONTH = "Julio",
	YEAR = "2020",
	HOWPUBLISHED = "\\ \url{https://goo.su/B2g16}",
	URLDATE = {2022-04-25}
}

@MISC{WEBSITE:13,
	HOWPUBLISHED = "\url{https://www.centraline.com/itIT/prodotti-e-documentazione/special/energy-vision-nx.html}",
	AUTHOR = "CentraLine",
	TITLE = "Connected energy management",
	MONTH = "-",
	YEAR = "2021",
	URLDATE = {2021-11-17}
}


@BOOK{TESIS01,
    author    = "Alvarado Pe\={n}a and Cristhian Sammy",
    title        = "\emph{"Diseño e implementación de un BMS para el mantenimiento y ahorro energético de un hospital de la región de San Martin"}", 
    year      = "2018",
    publisher = "Escuela profesional de Ingenier\'ia Electr\'onica y Telecomunicaciones. Universidad Nacional Tecnológica De Lima Sur",
    address   = "\emph{Lima-Perú}"
}

@BOOK{TESIS02,
    author    = "Luis Gustavo Nima Castillo",
    title        = "\emph{"Diseño de un sistema de gestión de edificios BMS, que integra sistemas de seguridad electrónica, electromecánicos y comunicación ethernet para el laboratorio de ingeniería electrónica de la universidad nacional de piura"}", 
    year      = "2019",
    publisher = "Escuela Profesional de Ingenier\'ia Electr\'onica y
Telecomunicaciones. Universidad Nacional de Piura",
    address   = "\emph{Piura-Perú}"
}

@BOOK{TESIS03,
  author =       "Mauricio Moreno Plazas",
  title =        "\emph{"Metodología para la aplicación de sistemas BMS y BEMS para la operación eficiente de edificios"}",
  publisher =       "Departamento de Energética y Mecánica. Universidad Autónoma de Occidente",
   address="\emph{Santiago de Cali- Colombia}",
  year =         "2019"
}

@BOOK{TESIS04,
  author =       "Matías Álvarez",
  title =        "\emph{"Sistema de gestión de edificios"}",
  publisher =       "Facultdad de Ingeniería. Universidad de Buenos Aires",
   address="\emph{Buenos Aires - Argentina}",
  year =         "2020"
}